% Bibliografia capitulo 1

@Electronic{rae-robotica,
	Title = {\textit{robótico, ca}},
	howpublished= {\url{https://dle.rae.es/rob%C3%B3tico#WYTncqf}},
	author = {Real Academia Española},
	year = {2023}
}

@Electronic{revista-de-robots,
	Title = {\textit{Robótica. Qué es la robótica y para qué sirve}},
	howpublished= {\url{https://revistaderobots.com/robots-y-robotica/que-es-la-robotica/?cn-reloaded=1}},
	author = {Revista de Robots},
	year = {2023}
}

@Electronic{industrial-robot,
	Title = {\textit{Industrial Robots}},
	howpublished= {\url{https://www.geeksforgeeks.org/industrial-robots/}},
	author = {geeksforgeeks},
	year = {2022}
}

@Electronic{mobile-robot,
	Title = {\textit{Mobile Robots}},
	howpublished= {\url{https://www.geeksforgeeks.org/mobile-robots/}},
	author = {geeksforgeeks},
	year = {2022}
}

@Electronic{4-d,
	Title = {\textit{The 4 Ds Of Robotisation: Dull, Dirty, Dangerous And Dear}},
	howpublished= {\url{https://bernardmarr.com/the-4-ds-of-robotisation-dull-dirty-dangerous-and-dear/}},
	author = {Bernard Marr},
	year = {2021}
}

@misc{dworakowski2020robots,
	title={Robots Understanding Contextual Information in Human-Centered Environments using Weakly Supervised Mask Data Distillation}, 
	author={Daniel Dworakowski and Goldie Nejat},
	year={2020},
	eprint={2012.08282},
	archivePrefix={arXiv},
	primaryClass={cs.CV}
}

@Inbook{Wang2022,
	author="Wang, Jiefei
	and Herath, Damith",
	editor="Herath, Damith
	and St-Onge, David",
	title="What Makes Robots? Sensors, Actuators, and Algorithms",
	bookTitle="Foundations of Robotics: A Multidisciplinary Approach with Python and ROS",
	year="2022",
	publisher="Springer Nature Singapore",
	address="Singapore",
	pages="177--203",
	abstract="In Chap. 4, we discussed that programming could be thought of as input, process, and output. Sense, Think, ActSense, Think, Actis a similar paradigm used in robotics. A robot could be thought of rudimentarily as analogous to how a human or an animal responds to environmental stimuli. For example, we humans perceive the environment through the five senses (e.g. sight). We might then `decide' the following action based on these incoming signals and, finally, execute the action through our limbs. For example, you might see (sense) a familiar face in the crowd and think it would be good to grab their attention and then act on this thought by waving your hand.",
	isbn="978-981-19-1983-1",
	doi="10.1007/978-981-19-1983-1_7",
	url="https://doi.org/10.1007/978-981-19-1983-1_7"
}

@Electronic{kettering-bug,
	Title = {\textit{Kettering Aerial Torpedo “Bug”}},
	howpublished= {\url{https://www.nationalmuseum.af.mil/Visit/Museum-Exhibits/Fact-Sheets/Display/Article/198095/kettering-aerial-torpedo-bug/}},
	author = {National Museum of the United States Air Force},
	year = {2023}
}

@Electronic{queen-bee,
	Title = {\textit{de Havilland DH82B Queen Bee}},
	howpublished= {\url{https://www.dehavillandmuseum.co.uk/aircraft/de-havilland-dh82b-queen-bee/}},
	author = {de Havilland Aircraft Museum},
	year = {2023}
}

@Electronic{operation-aphrodite,
	Title = {\textit{Operation Aphrodite}},
	howpublished= {\url{https://warfarehistorynetwork.com/article/operation-aphrodite/}},
	author = {Mason B. Webb},
	year = {2014}
}

@Electronic{uas-definicion,
	Title = {\textit{¿UAV, UAS, RPA, dron… como llamarlos?}},
	howpublished= {\url{https://srmconsulting.es/blog/uav-uas-rpa-dron-como-llamarlos.html}},
	author = {srmconsulting},
	year = {2021}
}

@Electronic{gcs-definicion,
	Title = {\textit{Ground Control Stations: The Lifeblood of Remotely Piloted Aircraft}},
	howpublished= {\url{https://www.trentonsystems.com/blog/ground-control-stations}},
	author = {Brett Daniel},
	year = {2020}
}

@inbook{data-link-definicion,
    author = {R. K. Nichols; H.C. Mumm; W.D. Lonstein; C. M. Carter; and J.P. Hood},
    title = {Chapter 13: Data Links Functions, Attributes and Latency},
    booktitle = {Unmanned Aircraft Systems in the Cyber Domain},
    publisher = {New Prairie Press},
    year = {2018}
}

@Electronic{drone-regulation,
	Title = {\textit{drone regulations}},
	howpublished= {\url{https://www.safedroneflying.aero/en/drone-guide/drone-regulations}},
	author = {SAFEDroneFlying},
	year = {2023}
}

@article{turing-paper,
	ISSN = {00264423, 14602113},
	URL = {http://www.jstor.org/stable/2251299},
	author = {A. M. Turing},
	journal = {Mind},
	number = {236},
	pages = {433--460},
	publisher = {[Oxford University Press, Mind Association]},
	title = {Computing Machinery and Intelligence},
	urldate = {2023-07-29},
	volume = {59},
	year = {1950}
}

@article{logic-theorist,
	author = {Gugerty, Leo},
	year = {2006},
	month = {10},
	pages = {880-884},
	title = {Newell and Simon's Logic Theorist: Historical Background and Impact on Cognitive Modeling},
	volume = {50},
	journal = {Proceedings of the Human Factors and Ergonomics Society Annual Meeting},
	doi = {10.1177/154193120605000904}
}

@Electronic{history-ai,
	Title = {\textit{The History of Artificial Intelligence}},
	howpublished= {\url{https://sitn.hms.harvard.edu/flash/2017/history-artificial-intelligence/}},
	author = {Rockwell Anyoha},
	year = {2017}
}

@Electronic{reg-class,
	Title = {\textit{Classification in Machine Learning: An Introduction}},
	howpublished= {\url{https://www.datacamp.com/blog/classification-machine-learning}},
	author = {datacamp},
	year = {2022}
}

@Electronic{learn,
	Title = {\textit{Reinforcement learning}},
	howpublished= {\url{https://www.geeksforgeeks.org/what-is-reinforcement-learning/}},
	author = {Prateek Bajaj},
	year = {2023}
}

@Electronic{psicologia-aprendizaje,
	Title = {\textit{Reinforcement and Punishment}},
	howpublished= {\url{https://pressbooks.online.ucf.edu/lumenpsychology/chapter/operant-conditioning/}},
	author = {Prateek Bajaj},
	year = {2023}
}

@Electronic{q-learning,
	Title = {\textit{Reinforcement Learning Explained Visually (Part 4): Q Learning, step-by-step}},
	howpublished= {\url{https://towardsdatascience.com/reinforcement-learning-explained-visually-part-4-q-learning-step-by-step-b65efb731d3e}},
	author = {OpenStax and Lumen Learning},
	year = {2023}
}

@Electronic{friis-1,
	Title = {\textit{Friis Free Space Propagation Model}},
	howpublished= {\url{https://www.gaussianwaves.com/2013/09/friss-free-space-propagation-model/}},
	author = {Mathuranathan},
	year = {2013}
}

@Electronic{friis-2,
	Title = {\textit{Friis Free Space Propagation Model Example}},
	howpublished= {\url{https://www.youtube.com/watch?v=E-_oGNF3S-0}},
	author = {ECIT Engineering},
	year = {2022}
}

@Electronic{friis-3,
	Title = {\textit{The Friis Equation}},
	howpublished= {\url{https://www.antenna-theory.com/basics/friis.php}},
	author = {antenna-theory},
	year = {2015}
}

@Electronic{tfm-pedro,
	Title = {\textit{Infraestructura de programación de robots aéreos y aplicaciones visuales con aprendizaje profundo}},
	howpublished= {\url{https://gsyc.urjc.es/jmplaza/students/tfm-drones-followperson-pedro_arias-2022.pdf}},
	author = {Pedro Arias Pérez},
	year = {2022}
}

@misc{paper-ia-dron,
	title={RSS-Based Q-Learning for Indoor UAV Navigation}, 
	author={Md Moin Uddin Chowdhury and Fatih Erden and Ismail Guvenc},
	year={2019},
	eprint={1905.13406},
	archivePrefix={arXiv},
	primaryClass={eess.SP}
}
















@article{lesort2020continual,
	 title={Continual learning for robotics: Definition, framework, learning strategies, opportunities and challenges},
	 author={Lesort, Timoth{\'e}e and Lomonaco, Vincenzo and Stoian, Andrei and Maltoni, Davide and Filliat, David and D{\'\i}az-Rodr{\'\i}guez, Natalia},
	 journal={Information fusion},
	 year={2020},
	 publisher={Elsevier}
}

@incollection{obdrvzalek2012real,
	title={Real-time human pose detection and tracking for tele-rehabilitation in virtual reality},
	author={Obdr{\v{z}}{\'a}lek, {\v{S}}t{\v{e}}p{\'a}n and Kurillo, Gregorij and Han, Jay and Abresch, Ted and Bajcsy, Ruzena},
	booktitle={Medicine Meets Virtual Reality 19},
	year={2012},
	publisher={IOS Press}
}

@inproceedings{inproceedings,
	author = {Weinberg, Brian and Nikitczuk, Jason and Patel, Shyamal and B., Pattiti and Mavroidis, Constantinos and Bonato, Paolo and Canavan, Paul},
	year = {2007},
	title = {Design, Control and Human Testing of an Active Knee Rehabilitation Orthotic Device},
	journal = {Proceedings - IEEE International Conference on Robotics and Automation}
}

@misc { 10045_76995,
	title = {Estudio del estado del arte de los métodos de estimación de la pose humana en 3D},
	author = {Reig Doménech, Joan},
	year = {2018-07-02}
}